@article{powell2009late,
  title={Late Pleistocene demography and the appearance of modern human behavior},
  author={Powell, Adam and Shennan, Stephen and Thomas, Mark G},
  journal={Science},
  volume={324},
  number={5932},
  pages={1298--1301},
  year={2009},
  publisher={American Association for the Advancement of Science}
}
